@misc {dblp,
	title = {dblp: computer science bibliography},
	howpublished = {\url{http://dblp.uni-trier.de/db/}},
	note = {Accessed: 2015-09-11}
}

@misc {postgresql,
	title = {PostgreSQL},
	howpublished = {\url{http://www.postgresql.org/}},
	note = {Accessed: 2015-09-12}
}

@misc {dbschema,
	title = {DbSchema - Universal Database Designer and SQL Tool},
	howpublished = {\url{http://www.dbschema.com/}},
	note = {Accessed: 2015-09-12}
}

@misc {java,
	title = {Java programming language},
	howpublished = {\url{https://www.oracle.com/java/index.html}},
	note = {Accessed: 2015-09-12}
}

@misc {copy,
	title = {PostgreSQL 9.4 COPY},
	howpublished = {\url{http://www.postgresql.org/docs/current/static/sql-copy.html}},
	note = {Accessed: 2015-09-12}
}






